@misc{WiFi_comparison,
	title = {The difference between 2.4 GHz and 5 GHz WiFi},
	url = {https://www.centurylink.com/home/help/internet/wireless/which-frequency-should-you-use.html},
}
@misc{ESP32,
	title = {ESP32 Client-Server Wi-Fi Communication Between Two Boards},
	url = {https://randomnerdtutorials.com/esp32-client-server-wi-fi/},
}
@misc{Setting_up_wifi,
	title = {Setting Up a Real-Time Communication Network Between Robot/IoT Sensor Data and a Computer Interface},
	url = {https://medium.com/@jackceroni/setting-up-a-real-time-communication-network-between-robot-iot-sensor-data-and-a-computer-interface-311a3744a8ab},
}
@misc{wifi_rpi3,
	title = {HOW TO SET UP WIFI ON THE RASPBERRY PI 3},
	url = {https://www.circuitbasics.com/how-to-set-up-wifi-on-the-raspberry-pi-3/#:~:text=The%20Raspberry%20Pi%20comes%20with,purchase%20a%20separate%20WiFi%20dongle.&text=You%20will%20need%20access%20to%20the%20Pi's%20command%20prompt%20or%20desktop},
}
@misc{transceiver,
	title = {NRF24L01 2.4GHz Wireless Transceiver Module},
	url = {https://www.electroncomponents.com/nrf24l01-2.4ghz-wireless-transceiver-module-compatible-Arduino-board},
}
@misc{antenna,
	title = {Antenna Topology},
	url = {http://www.iject.org/vol4/spl3/c0116.pdf},
}