@misc{noauthor_buck_nodate,
	title = {Buck converter vs. linear voltage regulator},
	url = {https://www.youtube.com/watch?v=giGRrODKJSE&ab_channel=ElectronFun.com},
}

@misc{noauthor_lm7805_nodate,
	title = {{LM7805} {Datasheet}},
	url = {http://ee-classes.usc.edu/ee459/library/datasheets/LM7805.pdf},
}

@misc{noauthor_what_nodate,
	title = {What is a {LM7805} {Voltage} {Regulator}?},
	url = {http://www.learningaboutelectronics.com/Articles/What-is-a-LM7805-voltage-regulator},
}

@misc{noauthor_1n4001-1n4007_nodate,
	title = {{1N4001}-{1N4007} datasheet},
	url = {https://www.mouser.com/datasheet/2/149/1N4007-888322.pdf},
}

@misc{noauthor_diy_nodate,
	title = {{DIY} {Mobile} {Charger} {Circuit} {Diagram}},
	url = {https://www.circuitsdiy.com/mobile-charger-circuit-diagram/},
}

@misc{noauthor_smps_nodate,
	title = {{SMPS} {Power} {Supply}},
	url = {https://circuitdigest.com/electronic-circuits/5v-2a-smps-power-supply-circuit-diagram},
}

@misc{noauthor_transformer_nodate,
	title = {Transformer {Simulation}},
	url = {https://www.analog.com/en/technical-articles/ltspice-basic-steps-for-simulating-transformers.html},
}

@misc{noauthor_latex_nodate,
	title = {Latex {Template} {Berkeley}},
	url = {http://wifo.eecs.berkeley.edu/latex/},
}
@misc{noauthor_heat_nodate,
	title = {Heat {Sink}},
	url = {https://www.amazon.in/Generic-5PCS-Heat-Aluminum-Cooling/dp/B071H7NVVM},
}
@misc{noauthor_heat_nodate,
	title = {Heat2 {Sink}},
	url = {https://www.probots.co.in/heat-sink-small.html?gclid=Cj0KCQiA-OeBBhDiARIsADyBcE60rZuO5pu-jD54Iv-f6FnX-sGLF3kcjdi7L6jCuIL9fmWU7b6BgusaAoj6EALw_wcB},
}

@misc{noauthor_2_cost_nodate,
	title = {2\_cost},
	url = {https://ph.rs-online.com/web/p/aluminium-capacitors/4759368/},
}

@misc{noauthor_1_cost_nodate,
	title = {1\_cost},
	url = {https://www.indiamart.com/proddetail/2-layer-pcb-board-6284147455.html},
}

@misc{noauthor_6_cost_nodate,
	title = {6\_cost},
	url = {https://www.roboelements.com/product/usb-type-female-port/?gclid=Cj0KCQiA-OeBBhDiARIsADyBcE6082hMqDLYJhN7X1qIy0zCo53qbFJcGjMow3BhAjyuCrf6p7P0xiAaAiJ7EALw_wcB},
}

@misc{noauthor_9_cost_nodate,
	title = {9\_cost},
	url = {https://www.roboelements.com/product/usb-type-female-port/?gclid=Cj0KCQiA-OeBBhDiARIsADyBcE6082hMqDLYJhN7X1qIy0zCo53qbFJcGjMow3BhAjyuCrf6p7P0xiAaAiJ7EALw_wcB},
}

@misc{noauthor_3_cost_nodate,
	title = {3\_cost},
	url = {https://www.electronicscomp.com/2200uf-16v-electrolytic-capacitor?gclid=Cj0KCQiA-OeBBhDiARIsADyBcE5MG3PbsXsxJOWXSP4N3Vzcle8hfa3wZOSHuDg0XC5nD5QmJyNabhwaAkxREALw_wcB},
}

@misc{noauthor_5_cost_nodate,
	title = {5\_cost},
	url = {https://www.roboelements.com/product/40-pins-male-berg-strip-connector-header-pin/?gclid=Cj0KCQiA-OeBBhDiARIsADyBcE5VX8s3w_cADRPOzH69YRl5KVWc9SrHKOKxnwJ80Tlt3Wa9EckTaA0aArnAEALw_wcB},
}

@misc{noauthor_4_cost_nodate,
	title = {4\_cost},
	url = {https://www.roboelements.com/product/50-pcs-1n4007-general-purpose-rectifier-diode/?gclid=Cj0KCQiA-OeBBhDiARIsADyBcE7pZmS5CJbDR3Zr_k7wWlH3isdTKXLUuaMv_JqM_Ami7Y1-gZhU0CMaAgiWEALw_wcB},
}

@misc{noauthor_7_cost_nodate,
	title = {7\_cost},
	url = {https://www.amazon.com/1000pcs-Metal-Resistor-20Mohm-0-25W/dp/B01DAMJQB8#descriptionAndDetails},
}

@misc{noauthor_8_cost_nodate,
	title = {8\_cost},
	url = {https://www.amazon.in/Transformer-220V-12-0-12-Current-750/dp/B07MLHV14F/ref=asc_df_B07MLHV14F/?tag=googleshopdes-21&linkCode=df0&hvadid=397079204570&hvpos=&hvnetw=g&hvrand=8670563781823128515&hvpone=&hvptwo=&hvqmt=&hvdev=c&hvdvcmdl=&hvlocint=&hvlocphy=9300522&hvtargid=pla-838529301511&psc=1&ext_vrnc=hi},
}

